@inproceedings{JawanpuriaNR11,
  author    = {Pratik Jawanpuria and
               Jagarlapudi Saketha Nath and
               Ganesh Ramakrishnan},
  title     = {Efficient Rule Ensemble Learning using Hierarchical Kernels},
  booktitle = {ICML},
  year      = {2011},
  pages     = {161-168},
  crossref  = {DBLP:conf/icml/2011},
  bibsource = {DBLP, http://dblp.uni-trier.de}
}

@inproceedings{NairSRK12,
  author    = {Naveen Nair and
               Amrita Saha and
               Ganesh Ramakrishnan and
               Shonali Krishnaswamy},
  title     = {Rule Ensemble Learning Using Hierarchical Kernels in Structured
               Output Spaces},
  booktitle = {AAAI},
  year      = {2012},
  ee        = {http://www.aaai.org/ocs/index.php/AAAI/AAAI12/paper/view/4918},
  crossref  = {DBLP:conf/aaai/2012},
  bibsource = {DBLP, http://dblp.uni-trier.de}
}

@inproceedings{NageshRCKDB12,
  author    = {Ajay Nagesh and
               Ganesh Ramakrishnan and
               Laura Chiticariu and
               Rajasekar Krishnamurthy and
               Ankush Dharkar and
               Pushpak Bhattacharyya},
  title     = {Towards Efficient Named-Entity Rule Induction for Customizability},
  booktitle = {EMNLP-CoNLL},
  year      = {2012},
  pages     = {128-138},
  ee        = {http://www.aclweb.org/anthology/D12-1012},
  crossref  = {DBLP:conf/emnlp/2012},
  bibsource = {DBLP, http://dblp.uni-trier.de}
}

@inproceedings{KulkarniSRC09,
  author    = {Sayali Kulkarni and
               Amit Singh and
               Ganesh Ramakrishnan and
               Soumen Chakrabarti},
  title     = {Collective annotation of Wikipedia entities in web text},
  booktitle = {KDD},
  year      = {2009},
  pages     = {457-466},
  ee        = {http://doi.acm.org/10.1145/1557019.1557073},
  crossref  = {DBLP:conf/kdd/2009},
  bibsource = {DBLP, http://dblp.uni-trier.de}
}

@inproceedings{ChalamallaNSR08,
  author    = {Anup Chalamalla and
               Sumit Negi and
               L. Venkata Subramaniam and
               Ganesh Ramakrishnan},
  title     = {Identification of class specific discourse patterns},
  booktitle = {CIKM},
  year      = {2008},
  pages     = {1193-1202},
  ee        = {http://doi.acm.org/10.1145/1458082.1458240},
  crossref  = {DBLP:conf/cikm/2008},
  bibsource = {DBLP, http://dblp.uni-trier.de}
}

@article{SpeciaSJRN09,
  author    = {Lucia Specia and
               Ashwin Srinivasan and
               Sachindra Joshi and
               Ganesh Ramakrishnan and
               Maria das Gra\c{c}as Volpe Nunes},
  title     = {An investigation into feature construction to assist word
               sense disambiguation},
  journal   = {Machine Learning},
  volume    = {76},
  number    = {1},
  year      = {2009},
  pages     = {109-136},
  ee        = {http://dx.doi.org/10.1007/s10994-009-5114-x},
  bibsource = {DBLP, http://dblp.uni-trier.de}
}

@inproceedings{JoshiRS08,
  author    = {Sachindra Joshi and
               Ganesh Ramakrishnan and
               Ashwin Srinivasan},
  title     = {Feature Construction Using Theory-Guided Sampling and Randomised
               Search},
  booktitle = {ILP},
  year      = {2008},
  pages     = {140-157},
  ee        = {http://dx.doi.org/10.1007/978-3-540-85928-4_14},
  crossref  = {DBLP:conf/ilp/2008},
  bibsource = {DBLP, http://dblp.uni-trier.de}
}

@inproceedings{RamakrishnanJBS07,
  author    = {Ganesh Ramakrishnan and
               Sachindra Joshi and
               Sreeram Balakrishnan and
               Ashwin Srinivasan},
  title     = {Using ILP to Construct Features for Information Extraction
               from Semi-structured Text},
  booktitle = {ILP},
  year      = {2007},
  pages     = {211-224},
  ee        = {http://dx.doi.org/10.1007/978-3-540-78469-2_22},
  crossref  = {DBLP:conf/ilp/2007},
  bibsource = {DBLP, http://dblp.uni-trier.de}
}


@inproceedings{SpeciaSRN06,
  author    = {Lucia Specia and
               Ashwin Srinivasan and
               Ganesh Ramakrishnan and
               Maria das Gra\c{c}as Volpe Nunes},
  title     = {Word Sense Disambiguation Using Inductive Logic Programming},
  booktitle = {ILP},
  year      = {2006},
  pages     = {409-423},
  ee        = {http://dx.doi.org/10.1007/978-3-540-73847-3_37},
  crossref  = {DBLP:conf/ilp/2006},
  bibsource = {DBLP, http://dblp.uni-trier.de}
}


@inproceedings{12,
  author    = {Ashwin Srinivasan and Tanveer Faruquie and Indrajit Bhattacharya and Ross King},
  title     = {Topic Models with Relational Features for Drug Design},
  booktitle = {ILP},
  year      = {2012}
}


@inproceedings{Amrita12,
  author    = {Amrita Saha and
               Ashwin Srinivasan and
               Ganesh Ramakrishnan},
  title     = {What Kinds of Relational Features are Useful for Statistical Learning?},
  booktitle = {ILP},
  year      = {2012}
}

@article{SrinivasanFJ12,
  author    = {Ashwin Srinivasan and
               Tanveer A. Faruquie and
               Sachindra Joshi},
  title     = {Data and task parallelism in ILP using MapReduce},
  journal   = {Machine Learning},
  volume    = {86},
  number    = {1},
  year      = {2012},
  pages     = {141-168},
  ee        = {http://dx.doi.org/10.1007/s10994-011-5245-8},
  bibsource = {DBLP, http://dblp.uni-trier.de}
}

@article{FonsecaSSC09,
  author    = {Nuno A. Fonseca and
               Ashwin Srinivasan and
               Fernando M. A. Silva and
               Rui Camacho},
  title     = {Parallel ILP for distributed-memory architectures},
  journal   = {Machine Learning},
  volume    = {74},
  number    = {3},
  year      = {2009},
  pages     = {257-279},
  ee        = {http://dx.doi.org/10.1007/s10994-008-5094-2},
  bibsource = {DBLP, http://dblp.uni-trier.de}
}


@article{CostaSCBDJSVL03,
  author    = {V\'{\i}tor Santos Costa and
               Ashwin Srinivasan and
               Rui Camacho and
               Hendrik Blockeel and
               Bart Demoen and
               Gerda Janssens and
               Jan Struyf and
               Henk Vandecasteele and
               Wim Van Laer},
  title     = {Query Transformations for Improving the Efficiency of ILP
               Systems},
  journal   = {Journal of Machine Learning Research},
  volume    = {4},
  year      = {2003},
  pages     = {465-491},
  ee        = {http://www.jmlr.org/papers/v4/costa03a.html},
  bibsource = {DBLP, http://dblp.uni-trier.de}
}


@inproceedings{PaesZZPS06,
  author    = {Aline Paes and
               Filip Zelezn{\'y} and
               Gerson Zaverucha and
               C. David Page Jr. and
               Ashwin Srinivasan},
  title     = {ILP Through Propositionalization and Stochastic k-Term DNF
               Learning},
  booktitle = {ILP},
  year      = {2006},
  pages     = {379-393},
  ee        = {http://dx.doi.org/10.1007/978-3-540-73847-3_35},
  crossref  = {DBLP:conf/ilp/2006},
  bibsource = {DBLP, http://dblp.uni-trier.de}
}

@article{Srinivasan99,
  author    = {Ashwin Srinivasan},
  title     = {A Study of Two Sampling Methods for Analyzing Large Dataset with ILP},
  journal   = {Data Min. Knowl. Discov.},
  volume    = {3},
  number    = {1},
  year      = {1999},
  pages     = {95-123},
  ee        = {http://dx.doi.org/10.1023/A:1009824123462},
  bibsource = {DBLP, http://dblp.uni-trier.de}
}


@inproceedings{l1Reg,
  author    = {Yanjun Han and 
	      Jue Wang},
  title     = {An l1 Regularization Framework for Optimal Rule Combination},
  booktitle = {ECML/PKDD,	
  year      = {2009},
}


@article{satLPartition,
  author    = {Alexander Kolokolov and 
	       Alexander Adelshin and 
	       Darya Yagofarova},
  title     = {Analysis and Solving SAT and MAX-SAT Problems Using an L-partition Approach},
  journal   = {Journal of Mathematical Models and Algorithms},
  year      = {2012},
}


@inproceedings{naveen2010,
  author    = {Naveen Nair and Anandraj Govindan and Chander Jayaraman and Kiran TVS and Ganesh Ramakrishnan},
  title     = {Pruning Search Space for Weighted First Order Horn Clause Satisfiability},
  booktitle = {ILP},
  year      = {2010},
}

@article{FilipML2006,
  author    = {Filip Zelezn{\'y} and
               Ashwin Srinivasan and
               C. David Page Jr.},
  title     = {Randomised restarted search in ILP},
  journal   = {Machine Learning},
  volume    = {64},
  number    = {1},
  year      = {2006},
  pages     = {183-208}
}


@article{AshwinJMLR2012,
  author    = {Ashwin Srinivasan and Ganesh Ramakrishnan},
  title     = {Parameter Screening and Optimisation for ILP using Designed Experiments},
  journal   = {Journal of Machine Learning Research},
  volume    = {12},
  year      = {2011},
  pages     = {627-662}
}


@inproceedings{cvpr2007,
  author    = {Sebastian Nowozin and Gokhan BakÄ±r and Koji Tsuda},
  title     = {Discriminative Subsequence Mining for Action Classification},
  booktitle = {CVPR},	
  year      = {2007},
}

@inproceedings{nips2004,
  author    = {Taku Kudo and Eisaku Maeda and Yuji Matsumoto},
  title     = {An Application of Boosting to Graph Classification},
  booktitle = {NIPS},	
  year      = {2004},
}


@inproceedings{hipc2010,
  author    = {Olga Nikolova and Jaroslaw Zola and Srinivas Aluru},
  title     = {A Parallel Algorithm for Exact Structure Learning of Bayesian Networks},
  booktitle = {HIPC},	
  year      = {2010},
}

@article{subseqGap2006,
  author    = {Xiaonan Ji and James Bailey and Guozhu Dong},
  title     = {Mining Minimal Distinguishing Subsequence Patterns with Gap Constraints},
  journal   = {Knowledge and Information Systems},
  year      = {2006},
}


@article{pei2004,
  author    = {Jian Pei},
  title     = {Mining Sequential Patterns by Pattern-Growth: The PrefixSpan Approach},
  journal   = {Journal of Machine Learning Research},
  volume    = {16-11},
  year      = {2004},
}


@inproceedings{bitSpade,
  author    = {Sujeevan Aseervatham and  Aomar Osmani and Emmanuel Viennet},
  title     = {bitSPADE: A Lattice-Based Sequential Pattern Mining Algorithm Using Bitmap Representation},
  booktitle = {ICDM},	
  year      = {2006},
}


@inproceedings{antunes2003,
  author    = {Claudia Antunes and Arlindo L. Oliveira},
  title     = {Generalization of Pattern-growth Methods for Sequential Pattern Mining with Gap Constraints},
  booktitle = {MLDM},	
  year      = {2003},
}


@article{han2005,
  author    = {Jian Pei and Jiawei Han and Wei Wang},
  title     = {Constraint-based sequential pattern mining: the pattern-growth methods},
  journal   = {Journal of Intelligent Information Systems},
  year      = {2005}
}

@inproceedings{antunes2003,
  author    = {Claudia Antunes and Arlindo L. Oliveira},
  title     = {Generalization of Pattern-growth Methods for Sequential Pattern Mining with Gap Constraints},
  booktitle = {MLDM},	
  year      = {2003},
}

@inproceedings{rakesh1995,
  author    = {Rakesh Agrawal and Ramakrishnan Srikant},
  title     = {Mining Sequential Patterns},
  booktitle = {ICDE},	
  year      = {1995},
}

@article{han2004,
  author    = {Jian Pei and Jiawei Han and Xi-Feng Yan},
  title     = {From Sequential Pattern Mining to Structured Pattern Mining: A Pattern-Growth Approach},
  journal   = {Journal of Computer Science and Technology},
  volume    = {9},
  number    = {3},
  year      = {2004},
  pages     = {257-279}
}


@inproceedings{gehrke2002,
  author    = {Jay Ayres and Johannes Gehrke and Tomi Yiu and Jason Flannick},
  title     = {Sequential PAttern Mining using A Bitmap Representation},
  booktitle = {KDD},	
  year      = {2002}
}

@article{SpeciaSJRN09,
  author    = {Mohammed J. Zaki},
  title     = {SPADE: An Efficient Algorithm for Mining Frequent Sequences},
  journal   = {Machine Learning},
  volume    = {42},
  year      = {2001},
  pages     = {31-60}
}

@inproceedings{rastogi1999,
  author    = {Minos N. Garofalakis and Rajeev Rastogi and Kyuseok Shim},
  title     = {SPIRIT: Sequential Pattern Mining with Regular Expression Constraints},
  booktitle = {VLDB},	
  year      = {1999}
}